<?xml version="1.0" encoding="UTF-8"?><collection xmlns="http://www.loc.gov/MARC21/slim"><record><leader>00480nam--2200145-i-4500</leader><controlfield tag="001">000004958</controlfield><controlfield tag="002">20161230</controlfield><controlfield tag="005">20170220170817</controlfield><controlfield tag="008">060222s1000------------r-----000-0-eng-d</controlfield><datafield ind1=" " ind2=" " tag="245"><subfield code="a">Medicine et technique, ouvrage publie sous la direction de G.Laroche et presente par ..</subfield></datafield><datafield ind1=" " ind2=" " tag="260"><subfield code="a">Paris</subfield><subfield code="b">Editions Albin Michel</subfield><subfield code="c">1954</subfield></datafield><datafield ind1=" " ind2=" " tag="300"><subfield code="a">314 p</subfield></datafield><datafield ind1=" " ind2=" " tag="490"><subfield code="a">Precis De Methodes Et Procedes Modernes De Diagnostic Et De Traitement</subfield></datafield><datafield ind1=" " ind2=" " tag="700"><subfield code="a">Montel, Paul</subfield></datafield><datafield ind1=" " ind2=" " tag="CAT"><subfield code="a">SYS</subfield><subfield code="c">20170220</subfield><subfield code="h">170817</subfield></datafield></record></collection>